<?xml version="1.0" encoding="UTF-8"?><collection xmlns="http://www.loc.gov/MARC21/slim"><record><leader>00454nam--2200121-i-4500</leader><controlfield tag="001">000047628</controlfield><controlfield tag="002">20161230</controlfield><controlfield tag="005">20161230201046</controlfield><controlfield tag="008">060222s1000------------r-----000-0-eng-d</controlfield><datafield ind1=" " ind2=" " tag="080"><subfield code="a">002</subfield></datafield><datafield ind1=" " ind2=" " tag="245"><subfield code="a">World guide to technical information and documentation services. guide mondial dses centres de documentation et d`information techniques</subfield></datafield><datafield ind1=" " ind2=" " tag="260"><subfield code="a">Pris, L`Organisation Des Nations Unies Pour L`Education, La Science Et La Culture, 1969, 287p</subfield></datafield><datafield ind1=" " ind2=" " tag="852"><subfield code="a">33251</subfield></datafield></record></collection>